@misc{wiki:CRS,
   author = "Wikipedia",
   title = "Computer Reservations System",
   year = "2015",
   url = "https://en.wikipedia.org/wiki/Computer_reservations_system"
 }

@misc{nextbike,
	 author="NextBike Gmbh",
   title = "NextBike",
	 year = "2015",
   url = "http://www.nextbike.net/"
 }

@article{barth2002shared,
  title={Shared-use vehicle systems: Framework for classifying carsharing, station cars, and combined approaches},
  author={Barth, Matthew and Shaheen, Susan},
  journal={Transportation Research Record: Journal of the Transportation Research Board},
  number={1791},
  pages={105--112},
  year={2002},
  publisher={Transportation Research Board of the National Academies}
}

@inproceedings{hamari2014does,
  title={Does gamification work?--a literature review of empirical studies on gamification},
  author={Hamari, Juho and Koivisto, Jonna and Sarsa, Harri},
  booktitle={System Sciences (HICSS), 2014 47th Hawaii International Conference on},
  pages={3025--3034},
  year={2014},
  organization={IEEE}
}

@article{shove2010beyond,
  title={Beyond the ABC: climate change policy and theories of social change},
  author={Shove, Elizabeth and others},
  journal={Environment and planning. A},
  volume={42},
  number={6},
  pages={1273},
  year={2010}
}

@misc{winand2006methods,
  title={Methods and systems for optimizing flow},
  author={Winand, Henri MA and Harris, Paul J},
  year={2006},
  month=jun # "~29",
  publisher={Google Patents},
  note={US Patent App. 12/306,840}
}

@article{gauld2000solving,
  title={Solving the surgical waiting list problem? New Zealand's ‘booking system’},
  author={Gauld, Robin and Derrett, Sarah},
  journal={The International journal of health planning and management},
  volume={15},
  number={4},
  pages={259--272},
  year={2000},
  publisher={Wiley Online Library}
}

@article{edara2008model,
  title={Model of an advance-booking system for highway trips},
  author={Edara, Praveen and Teodorovi{\'c}, Du{\v{s}}an},
  journal={Transportation Research Part C: Emerging Technologies},
  volume={16},
  number={1},
  pages={36--53},
  year={2008},
  publisher={Elsevier}
}

@inproceedings{deterding2011game,
  title={From game design elements to gamefulness: defining gamification},
  author={Deterding, Sebastian and Dixon, Dan and Khaled, Rilla and Nacke, Lennart},
  booktitle={Proceedings of the 15th International Academic MindTrek Conference: Envisioning Future Media Environments},
  pages={9--15},
  year={2011},
  organization={ACM}
}


